@book{harrypotter,
    author    = "Joanne Kathleen Rowling",
    title     = "Harry Potter und der Stein der Weisen",
    year      = "2005",
    publisher = "Carlsen",
    isbn   = "978-3-551-35401-3",
    keywords  = "harrypotter"
}


